@inproceedings{finkel-manning-09,
author = {Finkel, J. R. and Manning, C. D.},
booktitle = {NAACL HLT},
title = {{Joint parsing and named entity recognition}},
year = {2009}
}

@inproceedings{bengio-et-al-10,
author = {Bengio, S. and Weston, J. and Grangier, D.},
booktitle = {NIPS},
title = {{Label embedding trees for large multi-class tasks}},
year = {2010}
}

@inproceedings{bohnet-nivre-12,
author = {Bohnet, B. and Nivre, J.},
booktitle = {EMNLP-CoNLL},
title = {{A transition-based system for joint part-of-speech tagging and labeled non-projective dependency parsing}},
year = {2012}
}

@inproceedings{socher-et-al-10,
author = {Socher, R. and Manning, C. and Ng, A.},
booktitle = {NIPS},
title = {{Learning continuous phrase representations and syntactic parsing with recursive neural networks}},
year = {2010}
}

@inproceedings{zhang-nivre-12,
  title={Analyzing the Effect of Global Learning and Beam-Search on Transition-Based Dependency Parsing},
  author={Zhang, Y. and Nivre, J.},
  booktitle={COLING},
  year={2012}
}

@article{benbouzid-et-al-12,
  title={{Fast classification using sparse decision DAGs}},
  author={Benbouzid, D. and Busa-Fekete, R. and K{\'e}gl, B.},
  journal={ICML},
  year={2012}
}

@article{honnibal-et-al-13,
  title={A Non-Monotonic Arc-Eager Transition System for Dependency Parsing},
  author={Honnibal, M. and Goldberg, Y. and Ramat Gan, I. and Johnson, M.},
  journal={CoNLL-2013},
  year={2013}
}